
@article{kmett2014lens,
  title={The—succinct—package},
  author={Kmett, Edward},
  journal={URL https://github.com/ekmett/succinct},
  year={2015}
}

@book{mullinfoundations,
  title={On the Foundations of Combinatorial Theory: Theory of Binomial Enumeration},
  author={Mullin, Ronald Cleveland and Rota, Gian-Carlo},
  publisher={publisher not identified}
}

@incollection{munro2004succinct,
  title={Succinct representations of functions},
  author={Munro, J Ian and Rao, S Srinivasa},
  booktitle={Automata, Languages and Programming},
  pages={1006--1015},
  year={2004},
  publisher={Springer}
}

@article{cayley1851theory,
  title={On the Theory of groups, as Depending on the Symbolic Equation $\Theta^n = 1$},
  author={Cayley, Arthur},
  journal={Philosophical Magazine},
  volume={7},
  pages={123--130},
  year={1851}
}


